<?xml version="1.0" encoding="UTF-8"?><collection xmlns="http://www.loc.gov/MARC21/slim"><record><leader>00511nam--2200193-i-4500</leader><controlfield tag="001">000012064</controlfield><controlfield tag="002">20161230</controlfield><controlfield tag="005">20161230201029</controlfield><controlfield tag="008">060222s1000------------r-----000-0-fre-d</controlfield><datafield ind1=" " ind2=" " tag="040"><subfield code="a">IFIN-HH</subfield></datafield><datafield ind1=" " ind2=" " tag="041"><subfield code="a">fre</subfield></datafield><datafield ind1=" " ind2=" " tag="080"><subfield code="a">536.7(081.2)</subfield></datafield><datafield ind1="1" ind2=" " tag="100"><subfield code="a">Aries, E</subfield></datafield><datafield ind1="1" ind2="0" tag="245"><subfield code="a">L'oeuvre scientifique de sadi carnot. introduction a l'etude de la thermodynamique</subfield><subfield code="c">E. aries</subfield></datafield><datafield ind1=" " ind2=" " tag="260"><subfield code="a">Paris</subfield><subfield code="b">Payot</subfield><subfield code="c">1921</subfield></datafield><datafield ind1=" " ind2=" " tag="300"><subfield code="a">160 P</subfield></datafield><datafield ind1=" " ind2=" " tag="490"><subfield code="a">Collection Payot</subfield></datafield><datafield ind1=" " ind2=" " tag="852"><subfield code="a">44597</subfield><subfield code="c">H.H</subfield></datafield><datafield ind1=" " ind2=" " tag="CAT"><subfield code="a">Sys</subfield><subfield code="c">20130415</subfield><subfield code="h">160518</subfield></datafield></record></collection>